<?xml version="1.0" encoding="UTF-8"?>
<collection xmlns:xsi="http://www.w3.org/2001/XMLSchema-instance" xsi:schemaLocation="http://www.loc.gov/MARC21/slim http://www.loc.gov/standards/marcxml/schema/MARC21slim.xsd" xmlns="http://www.loc.gov/MARC21/slim">
<record>
  <leader>01527cam a2200301Ia 4500</leader>
  <controlfield tag="001">3080135</controlfield>
  <controlfield tag="003">NNC</controlfield>
  <controlfield tag="005">20150210104646.0</controlfield>
  <controlfield tag="008">010906s1933    ua            000 0 arard</controlfield>
  <datafield tag="035" ind1=" " ind2=" ">
    <subfield code="9">ATQ5201CU</subfield>
  </datafield>
  <datafield tag="035" ind1=" " ind2=" ">
    <subfield code="a">(OCoLC)ocn701363129</subfield>
  </datafield>
  <datafield tag="040" ind1=" " ind2=" ">
    <subfield code="a">UUM</subfield>
    <subfield code="c">UUM</subfield>
    <subfield code="d">OCLCF</subfield>
    <subfield code="d">OCLCO</subfield>
  </datafield>
  <datafield tag="035" ind1=" " ind2=" ">
    <subfield code="a">(OCoLC)701363129</subfield>
  </datafield>
  <datafield tag="090" ind1=" " ind2=" ">
    <subfield code="a">BP167.5</subfield>
    <subfield code="b">.R325 1933</subfield>
  </datafield>
  <datafield tag="049" ind1=" " ind2=" ">
    <subfield code="a">ZCUA</subfield>
  </datafield>
  <datafield tag="100" ind1="1" ind2=" ">
    <subfield code="6">880-01</subfield>
    <subfield code="a">Rabīʻ, Maḥmūd Ḥasan.</subfield>
  </datafield>
  <datafield tag="245" ind1="1" ind2="0">
    <subfield code="6">880-02</subfield>
    <subfield code="a">Sihām al-dīn al-māriqah fī ṣudūr al-zanādiqah :</subfield>
    <subfield code="b">silsilat muḥāḍarāt fī al-radd ʻalá al-malāḥidah al-muḥdathīn /</subfield>
    <subfield code="c">li-Maḥmūd Ḥasan Rabīʻ.</subfield>
  </datafield>
  <datafield tag="246" ind1="1" ind2=" ">
    <subfield code="6">880-03</subfield>
    <subfield code="i">Title on v. 2:</subfield>
    <subfield code="a">Kitāb Sihām al-dīn al-māriqah fī ṣudūr al-zanādiqah</subfield>
  </datafield>
  <datafield tag="250" ind1=" " ind2=" ">
    <subfield code="6">880-04</subfield>
    <subfield code="a">al-Ṭabʻah 2.</subfield>
  </datafield>
  <datafield tag="260" ind1=" " ind2=" ">
    <subfield code="6">880-05</subfield>
    <subfield code="a">[Cairo] :</subfield>
    <subfield code="b">Jamʻīyat al-Nashr wa-al-Taʼlīf al-Azharīyah,</subfield>
    <subfield code="c">1933.</subfield>
  </datafield>
  <datafield tag="300" ind1=" " ind2=" ">
    <subfield code="a">2 v.  ;</subfield>
    <subfield code="c">24 cm.</subfield>
  </datafield>
  <datafield tag="650" ind1=" " ind2="0">
    <subfield code="a">Islamic heresies.</subfield>
  </datafield>
  <datafield tag="650" ind1=" " ind2="7">
    <subfield code="a">Islamic heresies.</subfield>
    <subfield code="2">fast</subfield>
    <subfield code="0">(OCoLC)fst01730330</subfield>
  </datafield>
  <datafield tag="880" ind1="1" ind2=" ">
    <subfield code="6">100-01/r</subfield>
    <subfield code="a">ربيع، محمود حسن.</subfield>
  </datafield>
  <datafield tag="880" ind1="1" ind2="0">
    <subfield code="6">245-02/r</subfield>
    <subfield code="a">سهام الدين المارقة في صدور الزنادقة :</subfield>
    <subfield code="b">سلسلة محاضرات في الرد على الملاحدة المحدثين /</subfield>
    <subfield code="c">لمحمود حسن ربيع.</subfield>
  </datafield>
  <datafield tag="880" ind1="1" ind2=" ">
    <subfield code="6">246-03/r</subfield>
    <subfield code="i">عنوان الجزء الثاني :</subfield>
    <subfield code="a">كتاب سهام الدين المارقة في صدور الزنادقة</subfield>
  </datafield>
  <datafield tag="880" ind1=" " ind2=" ">
    <subfield code="6">250-04/r</subfield>
    <subfield code="a">الطبعة 2.</subfield>
  </datafield>
  <datafield tag="880" ind1=" " ind2=" ">
    <subfield code="6">260-05/r</subfield>
    <subfield code="a">[القاهرة] :</subfield>
    <subfield code="b">جمعية النشر والتأليف الازهرية،</subfield>
    <subfield code="c">1933.</subfield>
  </datafield>
  <datafield tag="955" ind1=" " ind2=" ">
    <subfield code="b">0026817098</subfield>
    <subfield code="d">glx</subfield>
    <subfield code="e">893.791 R112</subfield>
    <subfield code="v">v.2</subfield>
  </datafield>
</record>
</collection>